@comment{use CICM-WS-WiP2013 instead}
@proceedings{LanAspCar:CICMWiP13,
  year = "2013",
  title = "Workshops and Work in Progress at CICM 2013",
  booktitle = "Workshops and Work in Progress at CICM 2013",
  editor = "Christoph Lange and David Aspinall and Jacques Carette and James Davenport and Andrea Kohlhase and Michael Kohlhase and Paul Libbrecht and Predro Quaresma and Florian Rabe and Petr Sojka and Ian Whiteside and Wolfgang Windsteiger",
  publisher = "CEUR"}

@incollection{AueLeh:whialic07,crossref={AuLeh:whilic07}}

@Online{EuDML,crossref={EuDML:on}}

% use CodHorKoh:palai11 instead
@inproceedings{CHKMR:latinabs:11,
  author = {Mihai Codescu and Fulya Horozal and Michael Kohlhase and Till Mossakowski and Florian Rabe},
  title = "{Project Abstract: Logic Atlas and Integrator ({LATIN})}",
  pages = "287--289",
  crossref = {CICM11},
  keywords = {conference},
  pubs={frabe}}

@Article{StaKoh:tlcspx09,crossref={StaKoh:tlcspx10}}%deprecated
@comment{deprecated: misleading ID.  Fixed entry below}
@INCOLLECTION{KamLamMaaWel:swmkm07,
  author = {Fairouz Kamareddine and Robert Lamar and Manuel Maarek  and J. B. Wells},
  title = {Restoring Natural Language as a Computerised Mathematics Input Method},
  pages = {280--295},
  keywords = {lamapunbibs},
  crossref = {MKM07}}
@comment{deprecated: misleading ID.  Fixed entry below}
@INCOLLECTION{KamLamMaaWel:nsmt07,
  author = {Fairouz Kamareddine and Manuel Maarek and Krzysztof Retel and J. B. Wells},
  title = {Narrative Structure of Mathematical Texts},
  pages = {296--312},
  crossref = {MKM07}}

@comment{deprecated, use SH02  Cross-refing the latter doesn't work as it would nest crossrefs.}
@InProceedings{HS02,
  author = {Axel Schairer and Dieter Hutter},
  title = {Proof Transformations for Evolutionary Formal Software Development},
  crossref={AMAST02}}
@comment{deprecated: use jena:web instead}
@misc{URL:jena:web,
  key = {Jena},
  note = {system homepage at \url{http://jena.sf.net}},
  note = {seen June  2007},
  crossref = {jena:base}}

@comment{deprecated, use next entry.  Cross-refing the latter doesn't work as it would nest crossrefs.}
@INPROCEEDINGS{lpar92:273,
  author = {Leo Bachmair and Harald Ganzinger},
  title = {Non-Clausal Resolution and Superposition with Selection and Redundancy
    Criteria},
  year = {1992},
  pages = {273--284},
  crossref = {LPAR92}}

@comment{deprecated,use BundyEtAl:tocs90,   Cross-refing the latter doesn't work as it would nest crossrefs.}
@INPROCEEDINGS{BuHa90,
  author = {A. Bundy and F. van Harmelen and C. Horn and A. Smaill},
  title = {The Oyster-Clam System},
  year = {1990},
  pages = {647--648},
  crossref = {CADE90}}
@comment{deprecated, use next entry.  Cross-refing the latter doesn't work as it would nest crossrefs.}
@INPROCEEDINGS{GoLe94,
  author = {C. Goller and Reinhold Letz and Klaus Mayr and Johann Schumann},
  title = {{SETHEO} V3.2: Recent Developments},
  year = {1994},
  pages = {778--782},
  crossref = {CADE94}}

@comment{deprecated, use ManLib:apo05,  Cross-refing the latter doesn't work as it would nest crossrefs.}
@INPROCEEDINGS{AuthPresent,
  author = {Shahid Manzoor and Paul Libbrecht and Carsten Ullrich and Erica Melis},
  title = {{Authoring Presentation for {\sc{OpenMath}}}},
  pages = {33--48},
  crossref = {MKM05}}

@comment{deprecated, use next entry.  Cross-refing the latter doesn't work as it would nest crossrefs.}
@INPROCEEDINGS{ActiveMath,
  author = {E. Melis and E. Andres and A. Franke and G. Goguadze and P. Libbrecht
    and M. Pollet and C. Ullrich},
  title = {{\activemath} System Description},
  pages = {580--582},
  crossref = {AIED01}}
@comment{deprecated, use MosAutHut:edgwh01,.  Cross-refing the latter doesn't work as it would nest crossrefs.}
@INPROCEEDINGS{MAH-01-a,
  author = {Till Mossakowski and Serge Autexier and Dieter Hutter},
  pages = {269--284},
  title = {Extending Development Graphs With Hiding},
  crossref = {FASE01}}

@comment{deprecated, use MosAutHut:edgwh01,.  Cross-refing the latter doesn't work as it would nest crossrefs.}
@INPROCEEDINGS{MossakowskiEtAl00,
  author = {Till Mossakowski and Serge Autexier and Dieter Hutter},
  pages = {269--284},
  title = {Extending Development Graphs With Hiding},
  crossref = {FASE01}}
@comment{deprecated, use PfenningSchuermann:sdtamf99,.  Cross-refing the latter doesn't work as it would nest crossrefs.}
@inproceedings{pfenning99system,
  author = {Frank Pfenning and Carsten Sch{\"u}rmann},
  title = {System Description: Twelf --- A Meta-Logical Framework for Deductive
    Systems},
  booktitle = {Proceedings of the 16\textsuperscript{th} {Conference} on {Automated} {Deduction}},
  pages = {202--206},
  crossref = {CADE99}}
@comment{deprecated}
@MISC{w3C:rdfa,
  key = {W3C RDFa Primer},
  editor = {World Wide Web Consortium (W3C)},
  title = {{RDFa Primer}},
  howpublished = {\url{http://www.w3.org/TR/xhtml-rdfa-primer/}},
  institution  = {World Wide Web Consortium (W3C)},
  year = 2008,
  url = {http://www.w3.org/TR/xhtml-rdfa-primer/}}

@comment{deprecated}
@TECHREPORT{AdiBir:RDFa1.0,
  author = {Ben Adida and Mark Birbeck},
  title = {{RDFa Primer 1.0 -- Embedding RDF in XHTML}},
  institution = {World Wide Web Consortium ({W3C})},
  month = may,
  year = {2006},
  type = {{W3C Working Draft}},
  url = {http://www.w3.org/TR/2006/WD-xhtml-rdfa-primer-20060516/}}

@comment{deprecated, use ah01:tefsd,.  Cross-refing the latter doesn't work as it would nest crossrefs.}
@InProceedings{HS01,
   author    = {Dieter Hutter and Axel Schairer},
   title     = {Towards an Evolutionary Formal Software Development},
   crossref = {ASE01},
   year      = 2001}


@comment{deprecated: duplicate.  Use entry below instead}
@MISC{lucene,
  howpublished = {\url{http://lucene.apache.org/}},
  year = {2000--2006},
  crossref={Lucene:base}}

@comment{deprecated: duplicate.  Use entry below instead}
@INPROCEEDINGS{mkm03:markup-examples,
  author = {George Goguadze and Erica Melis and Carsten Ullrich and Paul Cairns},
  title = {Problems and Solutions for Markup for Mathematical Examples and Exercises},
  pages = {80--93},
  crossref={MKM03}}

@comment{deprecated: duplicate.  Use entry below instead}
@MISC{URL:creativecommons,crossref={creative-commons:base},
  howpublished = {\url{http://www.creativecommons.org}},
  note = {seen February 2008},
  key = {Creative Commons}}

@comment{deprecated, use next entry.  Cross-refing the latter doesn't work as it would nest crossrefs.}
@INPROCEEDINGS{AutHut:dgmm02,
  author = {Serge Autexier and Dieter Hutter and Till Mossakowski and Axel Schairer},
  title = {The Development Graph Manager {MAYA} (system description)},
  crossref = {AMAST02},
}
@comment{deprecated, use next entry.  Cross-refing the latter doesn't work as it would nest crossrefs.}
@INPROCEEDINGS{AHMS-02-a,
  author = {Serge Autexier and Dieter Hutter and Till Mossakowski and Axel Schairer},
  title = {The Development Graph Manager {MAYA} (system description)},
  crossref = {AMAST02},
}
@comment{deprecated, use next entry.  Cross-refing the latter doesn't work as it would nest crossrefs.}
@INPROCEEDINGS{hut00:mcsv,
   author = {Dieter Hutter},
   title = {Management of Change in Verification Systems},
   crossref = {ASE00},
   pages = {23--34},
}
@comment{deprecated, use next entry.  Cross-refing the latter doesn't work as it would nest crossrefs.}
@INPROCEEDINGS{Hutter-00-a,
   author = {Dieter Hutter},
   title = {Management of Change in Verification Systems},
   crossref = {ASE00},
   pages = {23--34},
}
@comment{deprecated, use next entry.  Cross-refing the latter doesn't work as it would nest crossrefs.}
@INPROCEEDINGS{Hutter00,
   author = {Dieter Hutter},
   title = {Management of Change in Verification Systems},
   crossref = {ASE00},
   pages = {23--34},
}

@inproceedings{IR:moc:12,crossref={IanRab:mocdl12}}
@inproceedings{rabe:querying:12,crossref={Rabe:qlfml12}}
@article{KR:omsemantics-long:10,crossref={KohRab:som12}}
@ONLINE{MSC-SKOS:on,crossref={MSCLinkedWiki:on}}
@article{KohDavGin:pswads11,crossref={KohDavGin:psewads11}}
@article{IanKohRabUrb:tmmliotaa11:biblatex,crossref={IanKohRabUrb:tmmliotaa13}}
@article{IKRU:mizar:11,crossref={IanKohRabUrb:tmmliotaa13}}

@comment{deprecated, use Kohlhase:tffm13 instead}
@Unpublished{Kohlhase:tffm12,
  author = 	 {Michael Kohlhase},
  title = 	 {The Flexiformalist Manifesto},
  note = 	 {KWARC Blue Note},
  url = {https://svn.kwarc.info/repos/oaf-dev/doc/blue/manifest/note.pdf},
  year = 	 2012}

@inProceedings{KohKoh:pcmpm11,crossref={KohJuc:pcmpm11}}
@inproceedings{HIJKR:dimensions:11,crossref={HorIacJuc:cscpnrr11}}
@comment{deprecated, use KohRabSac:fvip11.  crossref doesn't work because this entry cross-refs CICM11 itself}
@inproceedings{KohRabSac:fvip10,
  author = 	 {Michael Kohlhase and Florian Rabe and Sacerdoti Coen, Claudio},
  title = {A Foundational View on Integration Problems},
  howpublished = {\url{http://kwarc.info/kohlhase/papers/cicm11-integration.pdf}},
  url = {http://kwarc.info/kohlhase/papers/cicm11-integration.pdf},
  pages = {107--122},
  crossref = {CICM11},
  keywords = {conference},
}
@comment{deprecated, use KohRabSac:fvip11.  crossref doesn't work because this entry cross-refs CICM11 itself}
@inproceedings{RKS:integration:11,
  author = "F. Rabe and M. Kohlhase and C. {Sacerdoti Coen}",
  title = "{A Foundational View on Integration Problems}",
  year = "2011",
  pages = "106--121",
  booktitle = "Intelligent Computer Mathematics",
  editor = "J. Davenport and W. Farmer and F. Rabe and J. Urban",
  series = "LNCS",
  publisher = "Springer",
  volume = "6824",
  keywords = {conference},
  pubs={frabe}
}

@comment{deprecated, use KohRabZho:tmlmrsca10:biblatex,  crossref doesn't work because this entry cross-refs CICM10 itself}
@inProceedings{KohRabZho:tmlmrsca10,
  author = {Michael Kohlhase and Florian Rabe and Vyacheslav Zholudev},
  title =  {Towards {MKM} in the Large: Modular Representation and Scalable Software Architecture},
  crossref = 	 {CICM10},
  howpublished = {\url{http://kwarc.info/kohlhase/papers/mkm10-scalable.pdf}},
  url = {http://kwarc.info/kohlhase/papers/mkm10-scalable.pdf}}
@comment{deprecated, use KohRabZho:tmlmrsca10:biblatex,  crossref doesn't work because this entry cross-refs CICM itself}
@inproceedings{KRZ:mmttnt:10,
  author = "M. Kohlhase and F. Rabe and V. Zholudev",
  title = "{Towards {MKM} in the Large: Modular Representation and Scalable Software Architecture}",
  year = "2010",
  pages = "370--384",
  booktitle = "Intelligent Computer Mathematics",
  editor = "S. Autexier and J. Calmet and D. Delahaye and P. Ion and L. Rideau and R. Rioboo and A. Sexton",
  series = "LNCS",
  publisher = "Springer",
  volume = "6167",
  keywords = {conference},
  pubs={frabe}
}

@comment{deprecated: for non-BibLaTeX compatibility}
@InProceedings{KohKohLan:ssffld10,
  author = 	 {Andrea Kohlhase and Michael Kohlhase and Christoph Lange},
  title = {{sTeX} -- A System for Flexible Formalization of Linked Data},
  crossref = {ISEMANTICS2010},
  url = {http://kwarc.info/kohlhase/papers/isem10.pdf}}

@inproceedings{ZKR:tntbase:10,crossref={ZhoKohRab:tntbasef10}}
% deprecated, use next entry
@inproceedings{KR:omsemantics:09,
  author = "M. Kohlhase and F. Rabe",
  title = "Semantics of {OpenMath} and {MathML 3}",
  year = "2009",
  booktitle = "Proceedings of the OpenMath workshop"}

% better use the journal article: KohRab:som12
@InProceedings{KohRab:som09,
  title = "Semantics of {OpenMath} and {MathML3}",
  author = {Michael Kohlhase and Florian Rabe},
  crossref = {OM09},
  url = {http://kwarc.info/kohlhase/papers/om09-semantics.pdf},
  pubs = {mkohlhase,frabe,projects/latin,projects/omdoc}}

% deprecated, use next entry
@inproceedings{RK:roles:09,
  author = "F. Rabe and M. Kohlhase",
  title = "{A Better Role System for OpenMath}",
  year = "2009",
  booktitle = "Proceedings of the OpenMath workshop"}
@comment{deprecated, use GLR:WebSvcActMathDoc09.  crossref doesn't work because this entry cross-refs MKM09 itself}
@inproceedings{GLR:jobad:09,
  author = {Jana Giceva and Christoph Lange and Florian Rabe},
  title = {Integrating Web Services into Active Mathematical Documents},
  url = {https://svn.omdoc.org/repos/jomdoc/doc/pubs/mkm09/jobad/jobad-server.pdf},
  crossref = {MKM09},
  pages = {279--293},
  keywords = {conference,clange-phd},
}
@comment{deprecated, use next entry.  Cross-refing the latter doesn't work as it would nest crossrefs.}
@inproceedings{CM:FPRCAU,
  author = {Cristian Calude and Christine M{\"u}ller},
  title = {{Formal Proofs: Reconciling Correctness and Understanding}},
  crossref = {MKM09},
  year = {2009},
}
@incollection{SieKohMel:oamas99,crossref={KohMelSie:oma99}}
@inproceedings{CM:TtAoSCMpbCoP,crossref={MueKoh:cpme08}}
@inproceedings{MK:CTACOPTBOSMUA,crossref={MueKoh:cptsma08}}
@comment{deprecated, use next entry.  Cross-refing the latter doesn't work as it would nest crossrefs.}
@inProceedings{KohKoh:SemanticTransparency,
  author = {Andrea Kohlhase and Michael Kohlhase},
  title = {Semantic Transparency in User Assistance Systems},
  url = {http://kwarc.info/kohlhase/papers/sigdoc09-semtrans.pdf},
  crossref = {SIGDOC09},
  pages = {89--96},
  keywords = {conference},
}
@TECHREPORT{CarlisleEd:MathML08,crossref={CarlisleEd:MathML3:base}}
@TECHREPORT{CarlisleEd:MathML09,crossref={CarlisleEd:MathML3:base}}
@comment{deprecated, use next entry.  Cross-refing the latter doesn't work as it would nest crossrefs.}
@MISC{swim,
  crossref={SWiM:base},
  key = {SWiM},
  howpublished = {\webpageat\url{http://kwarc.info/projects/swim/}},
  note = {seen October  2008}}
@INPROCEEDINGS{Mueller06:locutor-lwa,crossref = {NRM:lwa06}}
@comment{deprecated, use DKLRZ:PubMathLectNotLinkedData10}
@inproceedings{DKLRZ:jobaddemo:10,
  author = "C. David and M. Kohlhase and C. Lange and F. Rabe and V. Zholudev",
  title = "{Publishing Math Lecture Notes as Linked Data}",
  year = "2010",
  pages = "370--375",
  booktitle = "The Semantic Web: Research and Applications",
  editor = "L. Aroyo and G. Antoniou and E. Hyv{\"o}nen and A. {ten Teije} and H. Stuckenschmidt and L. Cabral and T. Tudorache",
  series = "LNCS",
  publisher = "Springer",
  volume = "6089",
  pubs={frabe},
  keywords = {conference}
}
@article{BenBroKoh:lmcs08,crossref={BenBroKoh:lmcs09}}
@ARTICLE{KohFra:rkcimss00,crossref={KohFra:rkcimss01}}
@article{KohlhaseFranke00,crossref={KohFra:rkcimss01}}
@online{sTex:webpage,crossref={sTeX:base},urldate = {2011-02-22}}
@online{JOMDoc:webpage,lastchecked = {March 2009},crossref={JOMDoc:base}}
@Article{KohKoh:skmfe07,crossref={KohKoh:skmfe08}}
@comment{deprecated, use next entry.  Cross-refing the latter doesn't work as it would nest crossrefs.}
@INPROCEEDINGS{BeKo1-CADE98,
  author = {Christoph Benzm{\"u}ller and Michael Kohlhase},
  title = {Extensional Higher Order Resolution},
  year = {1998},
  pages = {56--72},
  crossref = {CADE98},
  url = {http://kwarc.info/kohlhase/papers/BeKo2-CADE98.pdf},
  keywords = {conference},
}
@comment{deprecated, use next entry.  Cross-refing the latter doesn't work as it would nest crossrefs.}
@online{OAF:online,crossref={OAFF:base},
  urldate = {2011-01-17}}
@comment{deprecated, use next entry.  Cross-refing the latter doesn't work as it would nest crossrefs.}
@INPROCEEDINGS{JoKo94,
  author = {Patricia Johann and Michael Kohlhase},
  title = {Unification in an Extensional Lambda Calculus with Ordered Function
    Sorts and Constant Overloading},
  year = {1994},
  pages = {620--634},
  crossref = {CADE94},
  url = {http://kwarc.info/kohlhase/papers/JoKo94-CADE.pdf},
  keywords = {conference},
}
@comment{deprecated, use next entry.  Cross-refing the latter doesn't work as it would nest crossrefs.}
@InProceedings{OMEGA02,
  author = {J{\"o}rg Siekmann and Christoph Benzm{\"u}ller and Vladimir Brezhnev
    and Lassaad Cheikhrouhou and Armin Fiedler and Andreas Franke and
    Helmut Horacek and Michael Kohlhase and Andreas Meier and Erica Melis
    and Markus Moschner and Immanuel Normann and Martin Pollet and Volker
    Sorge and Carsten Ullrich and Claus-Peter Wirth and J{\"u}rgen Zimmer},
  title = {Proof Development with {$\Omega$\sc mega}},
  pages = {144--149},
  crossref = {CADE02},
  keywords = {conference},
}
@online{MWSDemo:webpage,crossref={MWSProj:base}}
@comment{deprecated, use next entry.  Cross-refing the latter doesn't work as it would nest crossrefs.}
@INPROCEEDINGS{BeKo2-CADE98,
  author = {Christoph Benzm{\"u}ller and Michael Kohlhase},
  title = {{LEO} -- a Higher Order Theorem Prover},
  crossref = {CADE98},
  url = {http://kwarc.info/kohlhase/papers/BeKo1-CADE98.pdf},
  pages = {139--144},
  keywords = {conference},
}
@Article{MathWeb99,crossref={FraHes:aoidms99}}
@comment{deprecated, use next entry.  Cross-refing the latter doesn't work as it would nest crossrefs.}
@INPROCEEDINGS{Omega94,
  author = {Xiaorong Huang and Manfred Kerber and Michael Kohlhase and Erica
    Melis and Daniel Nesmith and J{\"o}rn Richts and J{\"o}rg Siekmann},
  title = {{$\Omega$-MKRP} A Proof Development Environment},
  year = {1994},
  pages = {788--792},
  crossref = {CADE94},
  url = {http://kwarc.info/kohlhase/papers/Omega94-CADE.pdf},
  keywords = {conference},
}
@ARTICLE{HutKoh:msihocu99,crossref={HutKoh:msihocu00}}
@comment{deprecated, use next entry.  Cross-refing the latter doesn't work as it would nest crossrefs.}
@INPROCEEDINGS{HuKo:acvotlc97,
  author = {Dieter Hutter and Michael Kohlhase},
  title = {A Coloured Version of the $\lambda$-Calculus},
  crossref = {CADE97},
  pages = {291--305},
  keywords = {conference},
}
@ARTICLE{KeKoSo98,crossref={KeKoSo:icaipp98}}
@comment{deprecated, use next entry.  Cross-refing the latter doesn't work as it would nest crossrefs.}
@InProceedings{Kohlhase:OvercomingProprietaryHurdles,
  author = {Andrea Kohlhase},
  title = {{Overcoming Proprietary Hurdles: CPoint as Invasive Editor}},
  pages = {51--56},
  crossref = {OSEE2005},
  keywords={conference},
}
@article{RK:mmt:10,crossref={RabKoh:WSMSML13}}
@Article{RabKoh:WSMSML08,crossref={RabKoh:WSMSML13}}% we have been working on this for a while
@Article{RabKoh:WSMSML09,crossref={RabKoh:WSMSML13}}
@Article{RabKoh:WSMSML10,crossref={RabKoh:WSMSML13}}
@Article{RabKoh:WSMSML11,crossref={RabKoh:WSMSML13}}
@comment{deprecated, use next entry.  Cross-refing the latter doesn't work as it would nest crossrefs.}
@InProceedings{Kohlhase:smtl05,
  author = {Michael Kohlhase},
  title = {Semantic Markup for {\TeX/\LaTeX}},
  crossref = {MathUI04},
}
@comment{deprecated, use next entry.  Cross-refing the latter doesn't work as it would nest crossrefs.}
@InProceedings{Kohlhase05:stex,
  author = {Michael Kohlhase},
  title = {Semantic Markup for {\TeX/\LaTeX}},
  crossref = {MathUI04},
}
@article{Kohlhase:sabhs96,crossref={Kohlhase:sat96}}
@ARTICLE{Kohlhase96,crossref={Kohlhase:sat96}}
@PHDTHESIS{Kohlhase94,crossref={Kohlhase:amosho94}}
@article{Kohlhase:sutsmf08,crossref={Kohlhase:ulsmf08}}
@ARTICLE{KohKol:ramgpm01,crossref={KohKol:ramgpm03}}
@ARTICLE{louiJournal99,crossref={SieHes:loui99}}
@INPROCEEDINGS{SiekmannEtAl:acgap00,crossref={SieBen:acgap00}}
@comment{deprecated, use next entry.  Cross-refing the latter doesn't work as it would nest crossrefs.}
@INPROCEEDINGS{ZimmerKohlhase02,
  author = 	 {J{\"u}rgen Zimmer and Michael Kohlhase},
  title = 	 {System {Description}: {The} {MathWeb} Software Bus for Distributed Mathematical Reasoning},
  pages =        {247--252},
  year =         2002,
  url = {http://kwarc.info/kohlhase/papers/cade02.pdf},
  crossref = 	 {CADE02},
}
@comment{deprecated, use next entry.  Cross-refing the latter doesn't work as it would nest crossrefs.}
@InBook{AKoMue:AddedValue,
  author = {Andrea Kohlhase and Normen M{\"u}ller},
  title = {{Added-Value: Getting People into Semantic Work Environments}},
  crossref = {ReDeRa:SWE07},
  pages = {185--205},
}
@comment{deprecated: for non-BibLaTeX compatibility}
@InProceedings{KohKohLan:difcsmse10,
  author = 	 {Andrea Kohlhase and Michael Kohlhase and Christoph Lange},
  title = {Dimensions of Formality: A Case Study for {MKM} in Software Engineering},
  pages = {355--369},
  crossref = 	 {CICM10},
  note = {\url{http://arxiv.org/abs/1004.5071}}}

@comment{deprecated, use next entry.  Cross-refing the latter doesn't work as it would nest crossrefs.}
@InProceedings{Kohlhase:AVAofPPT,
	author = {Andrea Kohlhase},
	title = {{{MS PowerPoint}} Use from a Micro-Perspective},
        crossref = {EdMedia2008},
	pages = {1279--1286},
          keywords={conference},
	url = {http://go.editlib.org/p/28550}}

@ARTICLE{KohKoh:SemTransformationOfSpshts,crossref={KohKoh:ssl11}}
@ARTICLE{KohKoh:ssl11,crossref={KohKoh:ssl13}}
@MISC{Kohlhase:omfmd05,crossref = {Kohlhase:OMDoc1.2}}
@UNPUBLISHED{mk06:omdocspec,crossref = {Kohlhase:OMDoc1.2}}

@MISC{CNX:web,crossref = {CNX:base},howpublished = {\webpageat\url{http://cnx.org}}, note = {\seen September  2009}}
@online{CNX:webpage,crossref = {CNX:base},month = jun,year = 2008}

