% Kompositionalität

@InProceedings{MitLap:vmsc13,
  author = 	 {Mitchell, J. and Lapata, M.},
  title = 	 {Vector-based Models of Semantic Composition},
  url = {http://homepages.inf.ed.ac.uk/s0453356/composition.pdf},
  crossref =  {ACL08},
  pages = 	 {236--244}}


@InProceedings{BarZ:amnvam10,
  author = 	 {Baroni, M. and Zamparelli, R.},
  title = 	 {Nouns are vectors, adjectives are matrices: Representing adjective-noun constructions in semantic space},
  crossref =  {CEMNLP10},
  pages = 	 {1183--1193},
  url = {http://clic.cimec.unitn.it/marco/publications/bz-adj-com-emnlp10.pdf}
}

@misc{Grefenstette:tfds13,
  author = 	 {Grefenstette, E.},
  title = 	 {Towards a formal distributional semantics: Simulating logical calculi with tensors},
  url = {http://arxiv.org/pdf/1304.5823v2.pdf},
  eprint = {1304.5823},
  eprinttype = {arxiv},
  year = 	 2013
}

%Kontextuelle Spezifikation

@InProceedings{ErkPad:svspmwmc08,
  author = 	 {Erk, K. and Pad{\'o}, S.},
  title = 	 {A structured vector space model for word meaning in context},
  url = {https://www.aclweb.org/anthology-new/D/D08/D08-1094.pdf},
  crossref =  {CEMNLP08},
  pages = 	 {897--906}}


@InProceedings{DinLap:mdsc10,
  author = 	 {Dinu, G. and Lapata, M.},
  title = 	 {Measuring distributional similarity in context},
  crossref =  {CEMNLP10},
  url = {http://www.aclweb.org/anthology-new/D/D10/D10-1113.pdf},
  pages = 	 {1162--1172}}



@InProceedings{ThaFuePin:csrsvm10,
  author = 	 {Thater, S. and F{\"u}rstenau and H. and Pinkal, M.},
  title = 	 {Contextualizing semantic representations using syntactically enriched vector models.},
  crossref =  {ACL10},
  url = {http://eprints.pascal-network.org/archive/00008090/01/acl10_contextualizing.pdf},
  pages = 	 {948--957}}

%Inferenz

@InProceedings{LinPan:dirt01,
  author = 	 {Lin, D. and Pantel, P.},
  title = 	 {DIRT@ SBT@ discovery of inference rules from text},
  crossref =  {SIGKDD01},
  pages = 	 {323--328},
  url = {http://www.egr.msu.edu/~jchai/QAPapers/InferenceRulesQA-Lin.pdf}}


@InProceedings{BhaPanHov:ledir07,
  author = 	 {Bhagat, R. and Pantel, P. and  Hovy, E. H. and Rey, M.},
  title = 	 {LEDIR: An Unsupervised Algorithm for Learning Directionality of Inference Rules},
  booktitle = {EMNLP-CoNLL},
  pages = 	 {161--170},
  year = 	 2007,
  url = {http://acl.ldc.upenn.edu/D/D07/D07-1017.pdf}}


@InProceedings{PanBhaCop:lisp07,
  author = 	 {Pantel, P. and Bhagat, R. and Coppola, B. and Chklovski, T. and Hovy, E. H.},
  title = 	 {ISP: Learning Inferential Selectional Preferences},
  url = {http://acl.ldc.upenn.edu/N/N07/N07-1071.pdf},
  crossref = {HLT-NAACL},
  pages = 	 {564--571}}


%Textuelle Inferenz

@InCollection{DagGliMag:prtec06,
  author = 	 {Dagan, I. and Glickman, O. and Magnini, B.},
  title = 	 {The pascal recognising textual entailment challenge},
  booktitle = 	 {Machine Learning Challenges. Evaluating Predictive Uncertainty, Visual Object Classification, and Recognising Tectual Entailment},
  pages = 	 {177--190},
  publisher = {Springer Berlin Heidelberg},
  year = 	 2006,
  url = {http://eprints.pascal-network.org/archive/00001298/01/dagan_et_al_rte05.pdf}}


@InProceedings{BosMar:rteli05,
  author = 	 {Bos, J. and Markert, K.},
  title = 	 {Recognising textual entailment with logical inference.},
  booktitle = {Proceedings of the conference on Human Language Technology and Empirical Methods in Natural Language Processing},
  pages = 	 {628--635},
  year = 	 2005,
  month = 	 {october},
  publisher = {Association for Computational Linguistics},
  url = 	 {http://acl.ldc.upenn.edu/H/H05/H05-1079.pdf}}

@PhdThesis{MacCartney:nli09,
  author = 	 {MacCartney, B.},
  title = 	 {Natural language inference},
  school = 	 {Stanford University},
  year = 	 2009,
  doi= {10.1.1.156.2685}}

@misc{AndMal:sptem09,
   year = 2009,
   eprint = {0912.3747},
   eprinttype = {arxiv},
   author = {Androutsopoulos, I. and Malakasiotis, P.},
   title = {A survey of paraphrasing and textual entailment methods},
    url = {http://arxiv.org/pdf/0912.3747.pdf}}

@InProceedings{MacMan:nlti07,
  author = 	 {MacCartney, B. and Manning, C. D.},
  title = 	 {Natural logic for textual inference},
  booktitle = {Proceedings of the ACL-PASCAL Workshop on Textual Entailment and Paraphrasing},
  pages = 	 {193--200},
  year = 	 2007,
  month = 	 {june},
  publisher = {Association for Computational Linguistics},
  url = {http://acl.ldc.upenn.edu/W/W07/W07-14.pdf#page=207}}

%Grounding

@InProceedings{BruTraBar:,
  author = 	 {Bruni, E. and Tran, G. B. and Baroni, M.},
  title = 	 {Distributional semantics from text and images},
  booktitle = {Proceedings of the GEMS 2011 Workshop on GEometrical Models of Natural Language Semantics},
  pages = 	 {22--32},
  year = 	 2011,
  month = 	 {July},
  publisher = {Association for Computational Linguistics},
  url = {http://www.newdesign.aclweb.org/anthology-new/W/W11/W11-25.pdf#page=32}}


@InProceedings{RegRohWet:gadv13,
  author = 	 {Regneri, M. and Rohrbach, M. and Wetzel, D. and Thater, S. and Schiele, B. and Pinkal, M.},
  title = 	 {Grounding Action Descriptions in Videos},
  url = {http://www.aclweb.org/anthology/Q/Q13/Q13-1003.pdf}}



@PInProceedings{TitKoz:bsanct10,
  author = 	 {Titov, I. and Kozhevnikov, M.},
  title = 	 {Bootstrapping semantic analyzers from non-contradictory texts},
  crossref = 	 {ACL10},
  pages = 	 {958--967},
  url = 	 {http://people.mmci.uni-saarland.de/~titov/papers/acl10_sem.pdf}}

@InProceedings{SilLap:gmsr12,
  author = 	 {Silberer, C. and Lapata, M.},
  title = 	 {Grounded models of semantic representation},
  crossref =  {CEMNLP-CNLL12},
  pages = 	 {1423--1433},
  url = {https://www.aclweb.org/anthology/D/D12/D12-1130.pdf}}


%Role Labeling

@Article{GilJur:alsr02,
  author = 	 {Gildea, D. and Jurafsky, D.},
  title = 	 {Automatic labeling of semantic roles},
  journal = 	 {Computational linguistics},
  year = 	 2002,
  volume = 	 28,
  number = 	 3,
  pages = 	 {245--288},
  url = {http://acl.ldc.upenn.edu/J/J02/J02-3001.pdf}}


@InProceedings{DasSchChe:pfsp10,
  author = 	 {Das, D., Schneider and N., Chen, D. and Smith, N. A. },
  title = 	 {Probabilistic frame-semantic parsing},
  crossref =  {HLT-NAACL10},
  pages = 	 {948--956},
  url = {http://www.aclweb.org/anthology-new/N/N10/N10-1138.pdf}}

@InProceedings{LanLap:,
  author = 	 {Lang, J. and Lapata, M.},
  title = 	 {Unsupervised semantic role induction with graph partitioning},
  crossref =  {CEMNLP11},
  url = {http://www.aclweb.org/anthology/D/D11/D11-1122.pdf},
  pages = 	 {1320--1331}}


% Induktives Lernen komplexer semantischer Strukturen

@InProceedings{PooDom:usp09,
  author = 	 {Poon, H. and Domingos, P.},
  title = 	 {Unsupervised semantic parsing},
  crossref =  {CEMNLP09},
  pages = 	 {1--10},
  url = {http://ml.cs.washington.edu/www/media/papers/poon09.pdf}}

@InProceedings{TitKle:bmusp11,
  author = 	 {Titov, I. and Klementiev, A.},
  title = 	 {A Bayesian model for unsupervised semantic parsing},
  crossref =  {ACL11},
  url = {http://www.newdesign.aclweb.org/anthology-new/P/P11/P11-1145.pdf},
  pages = 	 {1445-1455}}

%Technisch-Wissenschaftliche Dokumente/Formeln

@article{DayDowAd:caasdoc13,
  title={CrystalEye: Automated aggregation, semantification and dissemination of the world’s Open crystallographic data},
  author = {Nick Day and  Jim Downing and Sam Adams and N.W. England and Peter Murray-Rust},
  journal = {Journal on Applied Crystallography},
  number = {45},
  pages = {316--323},
  year = {2013},
  doi = {10.1107/S0021889812006462}}

@article{AdaMur:cwirpsd13,
  title = {Chempound - a Web 2.0-inspired repository for physical science data},
 author = {Sam Adams and Peter Murray-Rust},
 journal = {Journal of  Digital Information},
 number = {13},
 volume = {1},
 url = {https://journals.tdl.org/jodi/article/view/5873/5879}}


% Inference and Representation

@unpublished{Lehmannetal:dbpedia,
  author = {ens Lehmann, et al.},
  title = {DBpedia – A Large-scale, Multilingual Knowledge Base Extracted from Wikipedia},
  note = {Submitted to the Semantic Web Journal}, 
 url = {http://svn.aksw.org/papers/2013/SWJ_DBpedia/public.pdf}}

@inproceedings{HofSucBer:yago2,
  author = {J. Hoffart and F. M. Suchanek and K. Berberich and  Lewis Kelham, E. and de Melo G. and  G. Weikum},
  title = {YAGO2: Exploring and Querying World Knowledge in Time, Space, Context, and Many
  Languages},
  booktitle = {WWW 2011}, 
 url = {http://www.mpi-inf.mpg.de/~gdemelo/papers/hoffart-yago2-www2011.pdf}}

@article{HofSucBer:yago2a,
author = {J. Hoffart and Suchanek, F. M. and K. Berberich and  G. Weikum},
title = {YAGO2: A Spatially and Temporally Enhanced Knowledge Base from Wikipedia.},
journal = {AI journal}, 
url = {http://www.mpi-inf.mpg.de/yago-naga/yago/publications/aij.pdf}}

