@README{--README--,
  x = { AUTOGENERATED FILE, DO NOT EDIT.  PLEASE SEE README! },
}
